@book{schwab2016,
    author = "Klaus Schwab",
    title = "The Fourth Industrial Revolution",
    publisher = "World Economic Forum",
    year = "2016",
    }

%% Saving the sources below for later.  They haven't been used in the paper yet.
@phdthesis{hu2015predicting,
  title={Predicting and improving invoice-to-cash collection through machine learning},
  author={Hu, Peiguang},
  year={2015},
  school={Massachusetts Institute of Technology}
}
